<collection xmlns="http://www.loc.gov/MARC21/slim">
<record>
  <leader>02000nam0a2200337 i 450 </leader>
  <controlfield tag="001">IT\ICCU\CNCE\064269</controlfield>
  <controlfield tag="005">20080429000000.0</controlfield>
  <datafield tag="012" ind1=" " ind2=" ">
    <subfield code="a">deua u-pa liis CoQu (C) 1552 (R)</subfield>
    <subfield code="2">fei</subfield>
  </datafield>
  <datafield tag="100" ind1=" " ind2=" ">
    <subfield code="a">20060313d1552        0itac0103    ba</subfield>
  </datafield>
  <datafield tag="101" ind1=" " ind2=" ">
    <subfield code="a">LAT</subfield>
  </datafield>
  <datafield tag="102" ind1=" " ind2=" ">
    <subfield code="a">IT</subfield>
  </datafield>
  <datafield tag="200" ind1="1" ind2=" ">
    <subfield code="a">℗Glottochrysii Petri Fidentii Iunctaei  Montagnanensis, ℗Ad Marcum Antonium Venerium patricium Venetum, ac praetorem Patauinum dignissimum praetorio munere egregie functum, uersus panaegyrici coram ipso, et omni nobilitate Patauina, presso omnium pollice,decantati</subfield>
  </datafield>
  <datafield tag="210" ind1=" " ind2=" ">
    <subfield code="a">Patauii</subfield>
    <subfield code="c">Iacob. Fab. et Bab. Ami. excudebant</subfield>
    <subfield code="d">1552</subfield>
    <subfield code="e">Iacobus Fabianus</subfield>
    <subfield code="h">et Ioannes Baptista Amicus excudebant</subfield>
    <subfield code="g">sumptibus Petri Antonij Alciati</subfield>
    <subfield code="h">XV Calen. Nouemb. 1552</subfield>
  </datafield>
  <datafield tag="215" ind1=" " ind2=" ">
    <subfield code="a">\32! c.</subfield>
    <subfield code="d">8ʻ</subfield>
  </datafield>
  <datafield tag="620" ind1=" " ind2=" ">
    <subfield code="a">IT</subfield>
    <subfield code="d">Padova</subfield>
  </datafield>
  <datafield tag="700" ind1=" " ind2="1">
    <subfield code="a">Giunteo,</subfield>
    <subfield code="b">Pietro Fidenzio</subfield>
    <subfield code="3">IT\ICCU\CNCA\006153</subfield>
  </datafield>
  <datafield tag="712" ind1="0" ind2="0">
    <subfield code="a">Fabriano, Giacomo &amp; Amico, Giovanni Battista</subfield>
    <subfield code="3">IT\ICCU\CNCT\002072</subfield>
    <subfield code="4">650</subfield>
  </datafield>
  <datafield tag="712" ind1="0" ind2="0">
    <subfield code="a">Alciati, Pietro Antonio</subfield>
    <subfield code="3">IT\ICCU\CNCT\000988</subfield>
    <subfield code="4">650</subfield>
  </datafield>
  <datafield tag="790" ind1=" " ind2="1">
    <subfield code="a">Glottochrysius,</subfield>
    <subfield code="b">Petrus Fidentius Iunctaeus</subfield>
    <subfield code="3">IT\ICCU\CNCA\006155</subfield>
    <subfield code="z">Giunteo, Pietro Fidenzio</subfield>
  </datafield>
  <datafield tag="790" ind1=" " ind2="1">
    <subfield code="a">Iunctaeus,</subfield>
    <subfield code="b">Petrus Fidentius</subfield>
    <subfield code="3">IT\ICCU\CNCA\020238</subfield>
    <subfield code="z">Giunteo, Pietro Fidenzio</subfield>
  </datafield>
  <datafield tag="791" ind1="0" ind2="0">
    <subfield code="a">Alciato, Pietro Antonio</subfield>
    <subfield code="3">IT\ICCU\CNCT\004225</subfield>
    <subfield code="z">Alciati, Pietro Antonio</subfield>
  </datafield>
  <datafield tag="791" ind1="0" ind2="0">
    <subfield code="a">Alciatis, Petrus Antonius</subfield>
    <subfield code="3">IT\ICCU\CNCT\004226</subfield>
    <subfield code="z">Alciati, Pietro Antonio</subfield>
  </datafield>
  <datafield tag="791" ind1="0" ind2="0">
    <subfield code="a">Alciatus, Petrus Antonius</subfield>
    <subfield code="3">IT\ICCU\CNCT\004227</subfield>
    <subfield code="z">Alciati, Pietro Antonio</subfield>
  </datafield>
  <datafield tag="801" ind1=" " ind2="3">
    <subfield code="a">IT</subfield>
    <subfield code="b">ICCU</subfield>
    <subfield code="c">20201115</subfield>
  </datafield>
  <datafield tag="899" ind1=" " ind2=" ">
    <subfield code="a">Biblioteca Apostolica Vaticana. Citt ̉del Vaticano</subfield>
    <subfield code="1">EX0001</subfield>
    <subfield code="2">ZCV 01</subfield>
  </datafield>
  <datafield tag="899" ind1=" " ind2=" ">
    <subfield code="a">Archivio storico civico e Biblioteca Trivulziana. Milano</subfield>
    <subfield code="1">MI0327</subfield>
    <subfield code="2">LO1 13</subfield>
  </datafield>
  <datafield tag="899" ind1=" " ind2=" ">
    <subfield code="a">Biblioteca comunale Teresiana. Mantova</subfield>
    <subfield code="1">MN0035</subfield>
    <subfield code="2">LO1 12</subfield>
  </datafield>
  <datafield tag="899" ind1=" " ind2=" ">
    <subfield code="a">Biblioteca comunale Augusta. Perugia</subfield>
    <subfield code="1">PG0109</subfield>
    <subfield code="2">UM1 01</subfield>
  </datafield>
  <datafield tag="899" ind1=" " ind2=" ">
    <subfield code="a">Biblioteca d&apos;arte del Museo civico Correr. Venezia</subfield>
    <subfield code="1">VE0039</subfield>
    <subfield code="2">VEA BC</subfield>
  </datafield>
  <datafield tag="899" ind1=" " ind2=" ">
    <subfield code="a">Biblioteca nazionale Marciana. Venezia</subfield>
    <subfield code="1">VE0049</subfield>
    <subfield code="2">VEA BM</subfield>
  </datafield>
  <datafield tag="899" ind1=" " ind2=" ">
    <subfield code="a">Biblioteca civica Bertoliana. Vicenza</subfield>
    <subfield code="1">VI0096</subfield>
    <subfield code="2">VIA BE</subfield>
  </datafield>
</record>
</collection>
